@inproceedings{hunt1996unit,
  title={Unit selection in a concatenative speech synthesis system using a large speech database},
  author={Hunt, Andrew J and Black, Alan W},
  booktitle={Acoustics, Speech, and Signal Processing, 1996. ICASSP-96. Conference Proceedings., 1996 IEEE International Conference on},
  volume={1},
  pages={373--376},
  year={1996},
  organization={IEEE}
}

@inproceedings{fujisaki2004information,
  title={Information, prosody, and modeling-with emphasis on tonal features of speech},
  author={Fujisaki, Hiroya},
  booktitle={Speech Prosody 2004, International Conference},
  year={2004}
}

@inproceedings{silverman1992tobi,
  title={ToBI: A standard for labeling English prosody},
  author={Silverman, Kim and Beckman, Mary and Pitrelli, John and Ostendorf, Mori and Wightman, Colin and Price, Patti and Pierrehumbert, Janet and Hirschberg, Julia},
  booktitle={Second International Conference on Spoken Language Processing},
  year={1992}
}

@inproceedings{wang2008mandarin,
  title={Mandarin Chinese tone nucleus detection with landmarks},
  author={Wang, Siwei and Levow, Gina-Anne},
  booktitle={Ninth Annual Conference of the International Speech Communication Association},
  year={2008}
}

@inproceedings{lin2005language,
  title={Language identification using pitch contour information},
  author={Lin, Chi-Yueh and Wang, Hsiao-Chuan},
  booktitle={Acoustics, Speech, and Signal Processing, 2005. Proceedings.(ICASSP'05). IEEE International Conference on},
  volume={1},
  pages={I--601},
  year={2005},
  organization={IEEE}
}

@inproceedings{pui2004decision,
  title={Decision tree based tone modeling for Chinese speech recognition},
  author={Wong, Pui-Fung and Siu, Man-Hung},
  booktitle={Acoustics, Speech, and Signal Processing, 2004. Proceedings.(ICASSP'04). IEEE International Conference on},
  volume={1},
  pages={I--905},
  year={2004},
  organization={IEEE}
}

@inproceedings{ghahremani2014pitch,
  title={A pitch extraction algorithm tuned for automatic speech recognition},
  author={Ghahremani, Pegah and BabaAli, Bagher and Povey, Daniel and Riedhammer, Korbinian and Trmal, Jan and Khudanpur, Sanjeev},
  booktitle={Acoustics, Speech and Signal Processing (ICASSP), 2014 IEEE International Conference on},
  pages={2494--2498},
  year={2014},
  organization={IEEE}
}

@INPROCEEDINGS{Povey_ASRU2011,
         author = {Povey, Daniel and Ghoshal, Arnab and Boulianne, Gilles and Burget, Lukas and Glembek, Ondrej and Goel, Nagendra and Hannemann, Mirko and Motlicek, Petr and Qian, Yanmin and Schwarz, Petr and Silovsky, Jan and Stemmer, Georg and Vesely, Karel},
       keywords = {ASR, Automatic Speech Recognition, GMM, HTK, SGMM},
          month = dec,
          title = {The Kaldi Speech Recognition Toolkit},
      booktitle = {IEEE 2011 Workshop on Automatic Speech Recognition and Understanding},
           year = {2011},
      publisher = {IEEE Signal Processing Society},
       location = {Hilton Waikoloa Village, Big Island, Hawaii, US},
           note = {IEEE Catalog No.: CFP11SRW-USB},
}

@phdthesis{pierrehumbert1980phonology,
  title={The phonology and phonetics of English intonation},
  author={Pierrehumbert, Janet Breckenridge},
  year={1980},
  school={Massachusetts Institute of Technology}
}

@misc{ljspeech17,
  author       = {Keith Ito},
  title        = {The LJ Speech Dataset},
  howpublished = {\url{https://keithito.com/LJ-Speech-Dataset/}},
  year         = 2017
}

@inproceedings{sutskever2014sequence,
  title={Sequence to sequence learning with neural networks},
  author={Sutskever, Ilya and Vinyals, Oriol and Le, Quoc V},
  booktitle={Advances in neural information processing systems},
  pages={3104--3112},
  year={2014}
}
