@article{black1997automatically,
  title={Automatically clustering similar units for unit selection in speech synthesis.},
  author={Black, Alan W and Taylor, Paul A},
  year={1997},
  publisher={International Speech Communication Association}
}

@article{zen2009statistical,
  title={Statistical parametric speech synthesis},
  author={Zen, Heiga and Tokuda, Keiichi and Black, Alan W},
  journal={Speech Communication},
  volume={51},
  number={11},
  pages={1039--1064},
  year={2009},
  publisher={Elsevier}
}

@article{selkirk1995sentence,
  title={Sentence prosody: Intonation, stress, and phrasing},
  author={Selkirk, Elisabeth},
  journal={The handbook of phonological theory},
  volume={1},
  pages={550--569},
  year={1995}
}

@article{mary2008extraction,
  title={Extraction and representation of prosodic features for language and speaker recognition},
  author={Mary, Leena and Yegnanarayana, Bayya},
  journal={Speech communication},
  volume={50},
  number={10},
  pages={782--796},
  year={2008},
  publisher={Elsevier}
}

@book{mary2011extraction,
  title={Extraction and representation of prosody for speaker, speech and language recognition},
  author={Mary, Leena},
  year={2011},
  publisher={Springer Science \& Business Media}
}

@article{khan2016concatenative,
  title={Concatenative Speech Synthesis: A Review},
  author={Khan, Rubeena A and Chitode, JS},
  journal={International Journal of Computer Applications},
  volume={136},
  number={3},
  pages={6},
  year={2016},
  publisher={Citeseer}
}

@book{taylor2009text,
  title={Text-to-speech synthesis},
  author={Taylor, Paul},
  year={2009},
  publisher={Cambridge university press}
}

@article{oord2016wavenet,
  title={Wavenet: A generative model for raw audio},
  author={Oord, Aaron van den and Dieleman, Sander and Zen, Heiga and Simonyan, Karen and Vinyals, Oriol and Graves, Alex and Kalchbrenner, Nal and Senior, Andrew and Kavukcuoglu, Koray},
  journal={arXiv preprint arXiv:1609.03499},
  year={2016}
}

@article{arik2017deep,
  title={Deep Voice: Real-time neural text-to-speech},
  author={Arik, Sercan O and Chrzanowski, Mike and Coates, Adam and Diamos, Gregory and Gibiansky, Andrew and Kang, Yongguo and Li, Xian and Miller, John and Raiman, Jonathan and Sengupta, Shubho and others},
  journal={arXiv preprint arXiv:1702.07825},
  year={2017}
}

@article{arik2017deep2,
  title={Deep Voice 2: Multi-Speaker Neural Text-to-Speech},
  author={Arik, Sercan and Diamos, Gregory and Gibiansky, Andrew and Miller, John and Peng, Kainan and Ping, Wei and Raiman, Jonathan and Zhou, Yanqi},
  journal={arXiv preprint arXiv:1705.08947},
  year={2017}
}

@article{sotelo2017char2wav,
  title={Char2Wav: End-to-end speech synthesis},
  author={Sotelo, Jose and Mehri, Soroush and Kumar, Kundan and Santos, Joao Felipe and Kastner, Kyle and Courville, Aaron and Bengio, Yoshua},
  year={2017}
}

@article{wang2017tacotron,
  title={Tacotron: A Fully End-to-End Text-To-Speech Synthesis Model},
  author={Wang, Yuxuan and Skerry-Ryan, RJ and Stanton, Daisy and Wu, Yonghui and Weiss, Ron J and Jaitly, Navdeep and Yang, Zongheng and Xiao, Ying and Chen, Zhifeng and Bengio, Samy and others},
  journal={arXiv preprint arXiv:1703.10135},
  year={2017}
}
